<?xml version="1.0" encoding="UTF-8"?><record xmlns="http://www.loc.gov/MARC21/slim" xmlns:cinclude="http://apache.org/cocoon/include/1.0" xmlns:zs="http://www.loc.gov/zing/srw/">
  <leader>00736nz  a2200145n  4500</leader>
  <controlfield tag="001">no2011043582</controlfield>
  <controlfield tag="003">DLC</controlfield>
  <controlfield tag="005">20110321074650.0</controlfield>
  <controlfield tag="008">110319n| acannaabn          |n aaa     c</controlfield>
  <datafield tag="010" ind1=" " ind2=" ">
    <subfield code="a">no2011043582</subfield>
  </datafield>
  <datafield tag="035" ind1=" " ind2=" ">
    <subfield code="a">(OCoLC)oca08802783</subfield>
  </datafield>
  <datafield tag="040" ind1=" " ind2=" ">
    <subfield code="a">IlMchBWI</subfield>
    <subfield code="b">eng</subfield>
    <subfield code="c">IlMchBWI</subfield>
  </datafield>
  <datafield tag="100" ind1="1" ind2=" ">
    <subfield code="a">Higginbotham, Dawn</subfield>
  </datafield>
  <datafield tag="670" ind1=" " ind2=" ">
    <subfield code="a">Off the ledge [VR], c2009</subfield>
    <subfield code="b">(Dawn Higginbotham; writer, producer)</subfield>
  </datafield>
  <datafield tag="670" ind1=" " ind2=" ">
    <subfield code="a">IMDb, Mar. 19, 2011</subfield>
    <subfield code="b">(Dawn Higginbotham ; producer, writer ; born in Memphis, Tennessee ; musical theater performer  ; directed plays ; acted in several plays Off-Broadway ; a poet her work was published under the name Dawn Marie Higginbotham ; co-creator dHb Productions ; Dawn HIgginbotham and Brooke P. Anderson soon after formed Cordova Pictures)</subfield>
  </datafield>
</record>